<record><leader>00000cas a22000007i 4500</leader><controlfield tag="001">820882935</controlfield><controlfield tag="006">m     o  d        </controlfield><controlfield tag="007">cr |||||||||||</controlfield><controlfield tag="008">121211c20129999ilubr n o     0   a0eng  </controlfield><datafield ind1=" " ind2=" " tag="010"><subfield code="a">  2012203668</subfield></datafield><datafield ind1=" " ind2=" " tag="040"><subfield code="a">DLC</subfield><subfield code="b">eng</subfield><subfield code="e">rda</subfield><subfield code="c">DLC</subfield><subfield code="d">OCLCQ</subfield></datafield><datafield ind1=" " ind2=" " tag="012"><subfield code="l">1</subfield></datafield><datafield ind1="0" ind2=" " tag="022"><subfield code="a">2325-7946</subfield><subfield code="2">1</subfield></datafield><datafield ind1=" " ind2=" " tag="037"><subfield code="b">Vibrant Media Group, 2200 W. Higgins Rd, Ste 255, Hoffman Estates, IL 60169</subfield></datafield><datafield ind1=" " ind2=" " tag="042"><subfield code="a">nsdp</subfield><subfield code="a">pcc</subfield></datafield><datafield ind1="1" ind2="0" tag="050"><subfield code="a">ISSN RECORD</subfield></datafield><datafield ind1="0" ind2="0" tag="082"><subfield code="a">070</subfield><subfield code="2">23</subfield></datafield><datafield ind1="0" ind2=" " tag="130"><subfield code="a">Desi times (North American edition)</subfield></datafield><datafield ind1=" " ind2="4" tag="222"><subfield code="a">The Desi times</subfield><subfield code="b">(Online)</subfield></datafield><datafield ind1="1" ind2="4" tag="245"><subfield code="a">The Desi times.</subfield></datafield><datafield ind1="3" ind2=" " tag="246"><subfield code="a">Desi times news &amp; masala</subfield></datafield><datafield ind1=" " ind2="1" tag="264"><subfield code="a">Hoffman Heights, IL :</subfield><subfield code="b">Vibrant Media Group,</subfield><subfield code="c">2012-</subfield></datafield><datafield ind1=" " ind2=" " tag="310"><subfield code="a">Biweekly</subfield></datafield><datafield ind1=" " ind2=" " tag="336"><subfield code="a">text</subfield><subfield code="b">txt</subfield><subfield code="2">rdacontent</subfield></datafield><datafield ind1=" " ind2=" " tag="337"><subfield code="a">computer</subfield><subfield code="b">c</subfield><subfield code="2">rdamedia</subfield></datafield><datafield ind1=" " ind2=" " tag="338"><subfield code="a">online resource</subfield><subfield code="b">cr</subfield><subfield code="2">rdacarrier</subfield></datafield><datafield ind1="1" ind2=" " tag="362"><subfield code="a">Print began with v. 12, no. 101 (Feb. 24, 2012).</subfield></datafield><datafield ind1=" " ind2=" " tag="588"><subfield code="a">Description based on: V. 12, no. 104 (April 13, 2012); title from PDF cover (Vibrant Media Group website, viewed December 11, 2012).</subfield></datafield><datafield ind1=" " ind2=" " tag="588"><subfield code="a">Latest issue consulted: V. 12, no. 119 (November 30, 2012) (Vibrant Media Group website, viewed December 11, 2012).</subfield></datafield><datafield ind1="0" ind2="8" tag="776"><subfield code="i">Print version:</subfield><subfield code="t">Desi times (North American edition)</subfield><subfield code="x">2325-7903</subfield><subfield code="w">(DLC)  2012203669</subfield><subfield code="w">(OCoLC)820869181</subfield></datafield><datafield ind1="4" ind2="0" tag="856"><subfield code="u">http://www.thedesitimes.com/</subfield></datafield></record>